<?xml version="1.0" encoding="UTF-8"?>
<record xmlns="http://www.loc.gov/MARC21/slim" xmlns:xsi="http://www.w3.org/2001/XMLSchema-instance" xsi:schemaLocation="http://www.loc.gov/MARC21/slim http://www.loc.gov/standards/marcxml/schema/MARC21slim.xsd">
<leader>00000cam a22      a 4500</leader>
<controlfield tag="001">001677288</controlfield>
<controlfield tag="003">NNU</controlfield>
<controlfield tag="005">20150326171007.0</controlfield>
<controlfield tag="008">910513s1953    sy            000 0 ara d</controlfield>
<datafield tag="035" ind1=" " ind2=" ">
<subfield code="a">(OCoLC)476966583</subfield>
</datafield>
<datafield tag="040" ind1=" " ind2=" ">
<subfield code="a">PU</subfield>
<subfield code="c">N15</subfield>
<subfield code="d">OCLCF</subfield>
<subfield code="d">OCLCO</subfield>
<subfield code="d">NNU</subfield>
</datafield>
<datafield tag="050" ind1=" " ind2="4">
<subfield code="a">BP87.5</subfield>
<subfield code="b">.T3 1953</subfield>
</datafield>
<datafield tag="245" ind1="0" ind2="0">
<subfield code="6">880-01</subfield>
<subfield code="a">Arbaʻ rasāʼil Ismāʻīlīyah</subfield>
<subfield code="c">taḥqīq ʻĀrif Tāmir.</subfield>
</datafield>
<datafield tag="260" ind1=" " ind2=" ">
<subfield code="6">880-02</subfield>
<subfield code="a">Salamīyah :</subfield>
<subfield code="b">Dār al-Kashshāf,</subfield>
<subfield code="c">1953.</subfield>
</datafield>
<datafield tag="300" ind1=" " ind2=" ">
<subfield code="a">135 p.</subfield>
<subfield code="c">23 cm.</subfield>
</datafield>
<datafield tag="500" ind1=" " ind2=" ">
<subfield code="a">In Arabic.</subfield>
</datafield>
<datafield tag="500" ind1=" " ind2=" ">
<subfield code="a">Cover dated: 1952.</subfield>
</datafield>
<datafield tag="650" ind1=" " ind2="0">
<subfield code="a">Ismailites</subfield>
<subfield code="x">Doctrines.</subfield>
</datafield>
<datafield tag="650" ind1=" " ind2="7">
<subfield code="a">Ismailites</subfield>
<subfield code="x">Doctrines.</subfield>
<subfield code="2">fast</subfield>
<subfield code="0">(OCoLC)fst00980135</subfield>
</datafield>
<datafield tag="700" ind1="1" ind2=" ">
<subfield code="a">Tāmir, ʻĀrif</subfield>
<subfield code="6">880-03</subfield>
</datafield>
<datafield tag="880" ind1="0" ind2="0">
<subfield code="6">245-01/</subfield>
<subfield code="a">اربع رسائل اسماعيلية</subfield>
<subfield code="c">تحقيق عارف تامر.</subfield>
</datafield>
<datafield tag="880" ind1=" " ind2=" ">
<subfield code="6">260-02/</subfield>
<subfield code="a">سلمية :</subfield>
<subfield code="b">دار الكشاف،</subfield>
<subfield code="c">1953.</subfield>
</datafield>
<datafield tag="880" ind1="1" ind2=" ">
<subfield code="6">700-03/</subfield>
<subfield code="a">تامر، عارف.</subfield>
</datafield>
<datafield tag="OWN" ind1=" " ind2=" ">
<subfield code="a">GENERAL</subfield>
</datafield>
<datafield tag="AVA" ind1=" " ind2=" ">
<subfield code="a">NYU50</subfield>
<subfield code="b">BOBST</subfield>
<subfield code="c">Main Collection</subfield>
<subfield code="d">BP87.5 .T3 1953</subfield>
<subfield code="e">unavailable</subfield>
<subfield code="t">Unavailable</subfield>
<subfield code="f">1</subfield>
<subfield code="g">1</subfield>
<subfield code="h">N</subfield>
<subfield code="i">0</subfield>
<subfield code="j">MAIN</subfield>
<subfield code="k">0</subfield>
</datafield>
</record>
